2246 2941
502 278 552 316 88
938 271 969 305 E
997 282 1046 315 14.
1095 269 1271 306 MELOE
1315 268 1606 308 BALTEA'TA.>

504 364 597 399 dron
612 388 624 408 ,
651 362 862 398 Melilotum
884 362 1043 409 aliasque
1065 363 1310 410 leguminosos
1339 370 1378 400 et
1400 362 1556 400 labiatos
1577 363 1700 400 flores.
1757 363 1871 400 Oleum
1897 363 2043 410 genicu-

502 430 564 474 lis,
587 434 629 465 ut
654 427 775 464 affines
800 438 947 474 omnes,
967 428 1089 465 fundit
1112 428 1336 466 flaviffimum
1351 456 1363 476 ‚
1400 429 1633 466 Coccinellae
1657 429 1838 466 contritae
1866 429 1995 467 odore.

1091 543 1458 583 DESCRIPTIO.

657 618 968 656 Praecedentibus
991 621 1204 667 plerumque
1231 620 1340 666 paulo
1362 619 1504 666 minor,
1540 625 1579 656 et
1606 619 1823 666 magnitudine
1851 603 2049 655 admodum*

504 681 649 724 variat,
687 680 791 727 saepe
820 689 861 717 ut
890 693 905 717 1
935 694 944 718 :
972 694 1005 728 3.
1070 683 1202 718 leorax
1240 681 1406 718 obsoleta
1438 681 1666 730 impressione
1694 680 1820 717 versus
1855 681 2043 716 scuteilum

504 740 822 788 subtripumstatus.
889 746 1007 792 Corpus
1039 745 1171 787 latius,
1206 744 1323 789 elytra
1345 744 1638 791 ventricofiora‚
1664 755 1770 790 quam
1797 742 2047 789 praecedenti-

503 803 592 849 bus,
627 805 890 850 necquidquam
918 807 1149 843 dehiscentia.
1217 804 1392 844 Inscftum
1412 834 1425 853 .,
1458 815 1604 853 praeter
1633 808 1774 853 elytra‚
1811 812 1934 840 totum
1965 815 2046 842 eum

504 865 673 911 lanugine
702 867 875 912 exquisite
903 876 1031 905 atrum.
1091 869 1212 916 Ez'ytra
1242 868 1381 904 intense
1416 879 1574 912 crocea,
1604 868 1738 915 fingula
1768 866 1908 913 punctis
1933 866 2045 913 nigris

504 927 615 962 trium
651 928 809 973 parium,
841 931 1054 976 plerumque
1088 930 1372 973 distinetissimis3
1415 940 1572 975 quorum
1602 930 1756 976 primum
1782 935 1808 975 {a
1832 929 1901 964 basi
1929 938 2048 963 remo·

506 990 578 1024 tius
598 1016 610 1034 .,
646 990 841 1028 secundum
868 994 976 1038 paulo
1001 993 1112 1038 majus
1138 992 1175 1029 in
1196 992 1321 1028 medio
1341 1017 1353 1036 ,
1393 991 1544 1027 tertium
1581 1003 1645 1038 par
1668 991 1791 1028 versus
1817 991 1954 1038 apicem
1983 988 2046 1024 mi-

506 1051 716 1098 nusculum,
751 1055 881 1090 ordine
908 1054 1060 1100 obliquo
1089 1055 1258 1100 positum.
1315 1052 1356 1089 In
1382 1054 1470 1089 raris
1504 1054 1603 1099 paria
1630 1054 1773 1099 media,
1803 1052 1985 1090 interdum
2010 1055 2046 1085 et

506 1115 675 1162 bafilare,
698 1115 971 1154 subconfluunt.
1016 1116 1058 1154 In
1081 1116 1286 1153 minoribus
1313 1114 1422 1152 etiam
1444 1115 1576 1163 punt'ta
1596 1117 1810 1163 plerumque
1839 1116 1978 1164 exigua.

828 1242 978 1296 E14·
1051 1206 1347 1290 MELOE
1416 1256 1711 1294 BALTEATA3

1084 1334 1155 1367 Tab.
1180 1336 1215 1368 F.
1265 1336 1334 1377 Fig-
1360 1336 1398 1368 E.
1426 1347 1477 1377 14.

668 1411 806 1462 mata,
853 1414 963 1465 nigra
1000 1412 1318 1466 subpubescens,
1366 1415 1501 1465 elytrIS
1537 1416 1678 1464 luteis,
1721 1413 1825 1464 bafi,
1867 1390 2046 1468 punffo,

505 1482 625 1523 fascia
661 1483 813 1531 media,
852 1486 1049 1536 apiceque
1086 1485 1217 1535 nigriS.

657 1563 710 1600 Ex
738 1575 803 1600 ora
832 1562 1122 1610 eis-Gangetica
1144 1563 1267 1599 Indiae
1287 1563 1368 1600 satis
1391 1563 1541 1610 copiose
1564 1564 1660 1600 inter
1684 1565 1750 1602 alia
1770 1564 1904 1603 Infecta
1930 1566 2043 1604 adfer·

501 1633 584 1672 tur,
618 1634 655 1662 et
685 1637 705 1662 a
737 1626 847 1663 variis
875 1626 973 1662 inter
995 1626 1121 1676 Belgas
1150 1626 1273 1662 amieis
1299 1627 1568 1663 communicata
1592 1627 1676 1666 fuit.

1089 1729 1455 1767 DESCRIPTIO.

660 1806 855 1852 Rsagnitudo
884 1806 994 1851 paulo
1024 1802 1129 1850 snpra
1154 1805 1238 1841 Mel.
1265 1805 1453 1840 variabilem
1486 1811 1524 1839 et
1557 1802 1729 1849 quaedam
1760 1802 1953 1848 specimina
1979 1805 2043 1841 vix

504 1865 686 1911 superant.
743 1868 861 1902 Forma
885 1867 1095 1909 brevicula,
1127 1866 1205 1901 fere
1229 1872 1271 1901 ut
1297 1867 1381 1904 Mel.
1407 1870 1547 1902 lunatae.
1617 1867 1734 1912 Corpus
1761 1873 1878 1900 atrum
1906 1865 2044 1901 brevis-

505 1928 592 1963 snno
621 1935 791 1964 tomento
818 1927 1079 1974 lanuginosum.
1135 1930 1235 1975 Caput
1261 1929 1368 1964 valde
1402 1928 1622 1974 discretum,
1655 1927 1703 1962 ob
1737 1927 1923 1963 thoracem
1952 1928 2043 1963 anti-

506 1999 548 2024 ce
572 1989 807 2036 angustatum.
859 1989 1031 2025 Antemnae
1055 1997 1196 2026 tantum
1224 1991 1295 2026 bafi
1318 1991 1556 2034 adtenuatae,
1585 1997 1770 2025 caeterum
1794 1989 1943 2034 craffae,
1974 1991 2045 2036 api-

505 2066 547 2091 ce
574 2054 801 2093 acutiffimae.
853 2058 974 2103 Elyma
1001 2056 1186 2093 latiuscula
1203 2083 1215 2101 ‚
1255 2057 1396 2104 postice
1422 2056 1722 2099 subventricosa,
1748 2054 1942 2091 abdomine
1964 2056 2044 2092 bre-

500 2117 631 2161 viora,
673 2129 740 2154 nec
767 2118 1008 2163 dehiscentia,
1033 2119 1151 2163 lutea,
1174 2119 1241 2166 Imfi
1266 2119 1444 2155 trilobato
1461 2140 1472 2146 -
1492 2126 1588 2164 atra,
1610 2118 1717 2166 fcgscia
1736 2117 1854 2153 media
1880 2117 1972 2162 lata,
2003 2126 2042 2155 et

501 2181 612 2215 lunula
638 2181 819 2216 terminali
846 2181 882 2216 in
907 2180 1010 2226 apice
1036 2181 1133 2218 atris.
1193 2181 1334 2217 Atomus
1356 2181 1458 2228 miger
1484 2181 1656 2226 utrinque
1683 2180 1804 2216 medio
1827 2178 1923 2214 inter
1949 2179 2045 2218 basin

504 2251 540 2278 et
566 2242 728 2287 fasciam,
758 2242 794 2278 in
821 2243 1023 2279 minoribus
1051 2242 1286 2286 evidenti0r3
1315 2251 1352 2279 at
1377 2244 1414 2280 in
1433 2242 1649 2288 majoribus,
1677 2243 1816 2288 qualem
1832 2241 1906 2287 Fig.
1926 2241 1969 2278 E.
1986 2253 2042 2288 14.

506 2305 695 2352 exprimit,
719 2305 950 2353 perexiguus.

1922 2422 1952 2459 E
1982 2432 2040 2468 15.
