2246 2941
566 264 616 306 56
879 246 882 248 ’
926 260 1025 298 022.
1077 260 1342 295 TENEBmo
1389 259 1724 297 ASPERRIMVS.

719 350 775 387 Ex
808 350 963 389 Oriente
1006 359 1197 399 acceptum
1237 351 1522 388 communicavit
1557 353 1656 389 Celeb.
1692 353 1734 396 ἐξ
1771 350 1917 401 Amiciff.
1959 354 2098 390 mitiu-

568 423 595 448 N
606 423 620 449 1
631 423 650 448 c
664 423 689 449 Η
699 423 733 450 Ε.

1150 492 1517 531 DESCRIPTIO.

720 566 776 603 Ita
802 568 894 603 facie
921 569 1037 605 fimilis
1060 566 1155 604 Ten.
1181 567 1364 613 cephaloti
1392 569 1425 605 C.
1444 579 1500 612 15.
1535 575 1577 604 ut
1612 565 1675 603 nisi
1703 576 1826 602 coram
1860 566 1999 602 collatis
2028 567 2100 614 spe-

569 628 758 664 ciminibus
785 630 817 665 &
846 630 1043 676 iconismis‚
1069 631 1164 666 haud
1190 629 1295 665 facile
1323 629 1487 677 distingui
1512 628 1628 677 possit.
1687 631 1793 665 Colore
1822 629 1994 665 aterrimo
2020 630 2102 666 niti-

568 690 617 725 do
648 690 681 725 &
707 692 954 738 magnitudine
982 693 1097 728 sunilis
1123 692 1184 729 est.

716 754 819 800 Caput
844 753 960 789 minus
988 754 1141 799 grande,
1168 765 1238 790 nec
1268 755 1475 801 angulatum
1491 780 1503 799 ,
1532 763 1597 788 ore
1622 754 1738 789 minus
1763 752 1956 799 produGtO.
2020 754 2100 790 Tho-

566 821 628 846 rax
654 810 806 848 brevior
835 811 867 845 δε
889 812 1070 858 angustior
1089 839 1100 857 .,
1133 813 1239 848 valde
1267 823 1477 857 convexus,
1506 812 1739 848 commissuris
1771 812 1866 849 haud
1894 814 2038 860 ciliatis,
2062 815 2100 850 li-

567 882 636 907 nea
660 872 797 907 laterali
823 881 968 909 arcuata
993 875 1144 909 multum
1168 874 1260 910 infra
1287 874 1470 909 dimidium
1495 874 1620 920 posita.

721 935 842 980 Elytra
872 935 980 980 paulo
1016 936 1125 982 magis
1151 943 1284 981 ovata,
1313 937 1496 983 magisque
1519 936 1712 981 muricata,
1744 933 1883 982 punffis
1909 934 2100 971 acutiffime

567 995 800 1039 prominulis,
830 995 1176 1041 subspinescentibus
1193 1024 1204 1042 ,
1234 1009 1387 1043 quorum
1413 999 1566 1043 majores
1593 1008 1658 1043 per
1685 998 1758 1032 duo
1783 997 1820 1032 in
1837 997 1972 1044 singulo
1994 996 2100 1032 series

569 1052 723 1088 dorsales
751 1053 783 1088 ἃ
807 1052 940 1087 carinas
962 1054 1133 1099 utrinque
1155 1054 1240 1090 duas
1264 1056 1428 1091 laterales
1457 1055 1637 1101 parallelas
1665 1054 1781 1101 (quasi
1803 1053 2011 1100 serrulatas)
2035 1053 2100 1089 dis-

567 1113 733 1158 positae,
769 1115 896 1158 quibus
935 1114 1076 1161 singulis
1106 1116 1315 1162 interjectae
1343 1116 1450 1152 series
1484 1125 1608 1152 ternae
1640 1117 1702 1151 vel
1729 1122 1923 1160 quaternae
1951 1114 2101 1161 puneko-

567 1185 647 1209 rum
670 1175 873 1221 minorum,
904 1176 1093 1222 minusque
1120 1179 1416 1223 prominentium.
1467 1178 1549 1213 Pars
1581 1178 1782 1223 elytrorum
1811 1176 1983 1221 lateralis,
2012 1174 2104 1211 infra

570 1237 726 1279 carinas,
755 1239 881 1283 plana,
911 1239 1049 1284 punctis
1073 1240 1218 1276 minutis
1247 1240 1421 1275 ordinatis
1446 1238 1577 1276 scabra.

716 1298 886 1335 Aiztemme
917 1300 1136 1344 subpilosae3
1172 1301 1350 1346 reliquum
1385 1311 1517 1346 corpus
1544 1300 1807 1345 glaberrimnm.
1862 1298 1964 1336 Pedes
1987 1298 2102 1334 minus

568 1359 733 1405 robusti,
762 1372 866 1406 quam
895 1362 931 1397 in
960 1362 1189 1407 Cephalote,
1217 1364 1250 1398 δε
1276 1363 1484 1409 praesertim
1511 1363 1620 1398 antici
1649 1374 1683 1406 4.
1713 1362 1884 1399 minores.
1952 1360 2103 1405 Reliqua

567 1428 695 1467 patent
724 1434 742 1458 e
769 1424 891 1471 Figura
921 1426 948 1459 C
969 1435 1025 1468 23.
1061 1425 1176 1470 priori
1203 1424 1231 1459 C
1258 1436 1312 1469 15.
1340 1426 1480 1460 collata.

810 1541 940 1595 023·
1023 1539 1444 1590 TENEBRIO
1516 1557 1852 1594 LATICOLL183

1139 1634 1212 1667 Ταῦ.
1233 1635 1272 1667 H.
1316 1635 1388 1676 Fig.
1414 1633 1446 1669 C.
1473 1646 1521 1669 21.

711 1709 874 1761 ovans,
920 1711 1146 1764 depressus,
1193 1715 1416 1764 atem-imus,
1462 1714 1715 1764 laeviffimus‚
1762 1713 1924 1755 thorace
1963 1715 2099 1767 margi-

568 1790 688 1830 nato‚
732 1781 928 1832 latiffimo‚
974 1785 1104 1825 ant-icc
1152 1794 1369 1836 excavato,
1413 1785 1565 1838 postice
1612 1794 1791 1826 truncato
1840 1786 1974 1836 elytris
2010 1786 2098 1826 sub-

569 1849 718 1892 striatis.

718 1936 846 1984 Nuper
881 1939 976 1975 inter
1011 1941 1145 1978 Insa-&n
1182 1942 1376 1989 Capenfia,
1420 1955 1440 1978 a
1481 1944 1557 1979 Viro
1588 1942 1804 1990 speftatzffmo
1843 1943 1885 1984 &²
1923 1940 2097 1989 mniczffimo

569 1998 658 2035 DN.
693 2000 779 2035 Gm'l.
814 2014 879 2037 van
911 2004 966 2038 der
996 2015 1183 2050 MEVLEN,
1219 2004 1506 2041 Anistelaedamo
1532 2004 1646 2048 missa,
1676 2004 1798 2050 accepi
1829 2003 1982 2040 adfinem
2005 2003 2097 2039 hane

567 2058 662 2096 Ten.
701 2060 895 2106 hypolitho
933 2063 1085 2111 nostro,
1122 2066 1182 2102 sed
1211 2067 1281 2102 rite
1315 2066 1510 2103 distinCtam
1541 2074 1661 2102 tamen
1695 2066 1870 2112 speciem,
1907 2076 1997 2111 quae
2019 2075 2096 2102 non

571 2120 621 2156 est
644 2121 737 2160 Ten.
765 2123 895 2161 tibialis
925 2136 1036 2164 LINN.

1152 2223 1515 2263 DESCRIPTIO.

717 2295 943 2341 ilsagm'tmime
970 2305 1098 2344 aequat
1116 2296 1285 2335 staturam
1307 2300 1496 2337 maximam
1518 2297 1564 2336 T.
1590 2297 1789 2345 hypolithi,
1812 2295 1872 2333 sed
1894 2297 2010 2335 multo
2035 2297 2095 2334 de-

570 2353 738 2401 pressior,
764 2359 1009 2405 proportione
1035 2360 1113 2396 fere
1136 2359 1294 2405 Carabi„

1996 2426 2097 2473 Caput
