2246 2941
577 251 662 291 Ag.
713 249 1051 284 scARABAEvs
1100 251 1298 286 Ammon.
1677 266 1698 302 9

166 345 380 383 dicuiaribus
414 341 594 387 profunde
634 341 670 376 in
704 351 846 377 arenam
878 341 1169 387 scaturiginosam
1203 344 1344 381 defodit
1366 372 1376 386 ,
1425 346 1577 383 multum
1614 358 1693 395 ege-

166 408 256 444 stans
284 404 404 441 sahmi.
456 404 622 448 Vterque
646 403 747 438 sexus
774 401 899 436 stridet
923 402 1057 439 adtritu
1086 405 1286 441 abdominis
1313 406 1355 441 ad
1383 407 1584 452 elytrorum
1607 421 1696 446 mar-

165 469 309 514 ginem,
339 474 381 501 ut
406 465 463 501 Sc.
487 463 733 499 stercorarius.
787 461 846 496 Ad
874 462 1027 509 Voigznn
1046 464 1081 499 in
1100 465 1255 500 arenosis
1280 476 1369 501 vere
1393 466 1563 512 nusquam
1583 468 1694 514 deest,

165 529 281 565 rarior
307 528 340 564 &
362 528 466 563 velut
495 525 678 572 transfuga
705 524 747 560 ad
774 523 932 567 laicum,
961 524 994 558 ἃς
1022 525 1117 560 ultra
1139 536 1203 571 per
1233 526 1411 564 desertum
1438 529 1638 567 [ataricum.

740 634 1105 673 DESCRIPTIO.

306 720 474 756 Proxime
505 717 615 753 affinis
644 716 676 752 &
703 716 850 753 affimilis
871 717 927 754 Sc.
946 717 1146 762 Typhoeo,
1171 717 1231 754 sed
1259 720 1470 766 plerumque
1498 722 1608 768 duplo
1632 723 1694 758 tri-

163 780 276 826 PIOVC
303 781 440 826 majOr,
469 781 500 817 δε
526 789 605 815 rara
632 777 824 825 specimina
851 788 1005 826 pygmea
1033 778 1088 814 isti
1118 780 1287 825 aequalia.
1340 780 1462 819 Totus
1486 784 1695 830 aterrimus,

161 838 307 875 nitidus.

308 907 466 943 Mellae
502 907 537 942 in
568 914 726 951 utroque
761 906 845 941 sexu
876 906 1156 952 prominentes,
1192 906 1292 952 apice
1331 906 1488 954 bifidae,
1534 910 1692 947 exterius

162 967 272 1004 dente
304 967 428 1014 infigni
462 966 699 1013 adsurgent03
732 966 825 1010 quasi
860 964 1031 1001 affinitate
1068 966 1217 1011 quadam
1248 977 1328 1002 cum
1353 967 1515 1005 Lucanis.
1595 970 1695 1006 Galea

161 1037 244 1065 ante
273 1031 419 1065 oculum
443 1029 612 1074 utrinque
638 1027 861 1063 unidentata.

313 1098 443 1143 Clypeus
469 1105 677 1138 convexus,
713 1093 883 1137 utrinqne
920 1092 964 1128 ad
999 1099 1106 1138 caput
1131 1093 1466 1140 circumscriptione
1490 1097 1690 1138 semicircu-

157 1159 248 1203 lari,
288 1158 387 1193 sulco
421 1155 673 1203 longitndinali
716 1155 885 1190 obsoleto
925 1154 956 1188 δι
989 1156 1161 1200 utrinque
1194 1154 1328 1201 puncto
1360 1156 1526 1202 impresso
1562 1162 1688 1200 versus

158 1218 374 1265 marginem3
400 1216 558 1263 margine
580 1215 703 1251 subtus
730 1215 809 1260 pilis
835 1214 978 1250 reflexis
1000 1214 1151 1252 ciliatus.
1206 1217 1378 1252 Scutellzmz
1403 1217 1538 1267 insigne
1563 1222 1689 1262 corda-

157 1287 248 1318 tum.
300 1280 420 1324 Elytra
449 1275 675 1324 politissima,
713 1275 857 1312 sulcata.

304 1345 407 1382 Pedes
441 1342 585 1389 magni,
621 1339 871 1377 robustissimi:
910 1340 1001 1377 'tibiis
1037 1342 1204 1379 omnibus
1239 1343 1421 1392 dentatis,
1460 1347 1687 1398 pilofiffimis,

153 1406 300 1457 posticis
318 1403 442 1441 versus
465 1414 572 1441 anum
594 1402 770 1446 semem,
798 1401 908 1450 magis
933 1413 1038 1448 quam
1061 1403 1099 1441 in
1123 1403 1358 1444 stercorariis
1386 1408 1544 1456 reliquis.
1586 1412 1690 1453 Haec

158 1471 197 1507 in
219 1476 381 1512 «utroque
406 1465 504 1501 sexu.

305 1528 384 1564 Mas
412 1525 494 1573 (fig.
516 1532 548 1567 8.
567 1525 645 1573 A.)
681 1536 798 1562 cornu
834 1525 966 1562 frontis
993 1527 1195 1565 anti-orsum
1226 1530 1415 1577 sin-recto,
1448 1531 1608 1572 thoracis
1636 1537 1686 1574 dl·-

155 1590 252 1630 refte
279 1587 476 1637 protenso,
505 1588 692 1632 subulam,
723 1588 1031 1635 convergentibus
1044 1615 1057 1632 ,
1086 1588 1302 1636 longiffimis.

301 1651 449 1687 Foemz'na
472 1647 554 1696 (fig.
575 1654 607 1689 8.
625 1646 694 1694 Β.)
724 1659 839 1684 cornu
867 1650 987 1695 galeae
1012 1650 1119 1685 brevi
1149 1651 1332 1698 geminato
1349 1680 1361 1699 ‚
1394 1665 1471 1692 uno
1505 1667 1605 1704 pone
1639 1663 1687 1698 al·

156 1723 300 1756 terum3
327 1711 480 1747 thorace
507 1710 625 1747 antice
648 1709 754 1757 spinis
781 1709 916 1746 duabus
943 1710 1138 1757 brevibus,
1160 1712 1351 1752 latitudine
1373 1716 1452 1754 fere
1480 1720 1606 1767 capitis
1633 1722 1686 1760 in-

153 1785 211 1814 ter
236 1775 272 1813 se
298 1772 462 1810 remotis.

298 1835 430 1873 Icones
455 1832 737 1882 perfeetiffimam
757 1833 1041 1881 magnitudinem
1064 1834 1240 1873 referunt.

331 1955 371 1997 A
409 1960 445 2001 8.
520 1946 1050 2001 SCARABAEVS
1100 1966 1510 2010 TENEBRIOIDEs;

780 2041 854 2076 Tab.
876 2043 920 2077 A.
967 2043 1036 2086 Fig.
1054 2055 1086 2086 9.

293 2130 610 2187 Phytophagus‘?
647 2141 789 2175 ovatus
824 2135 984 2187 piceus,
1021 2137 1156 2189 glaber
1190 2136 1562 2193 punctam-scaber,
1599 2141 1685 2195 ely:

155 2218 237 2260 peo
274 2206 448 2258 margine
486 2206 632 2244 ciliato.

307 2278 347 2315 In
374 2279 504 2325 campis
530 2278 716 2327 glareofiS‚
753 2277 879 2323 aridis,
911 2278 1007 2314 inter
1029 2278 1202 2317 Ononem
1227 2280 1260 2317 &
1284 2281 1473 2329 Argunum
1499 2282 1534 2320 fl.
1562 2283 1685 2322 Dauu-

156 2338 256 2386 riae,
281 2338 382 2385 Majo
406 2340 450 2377 ad
474 2341 611 2389 primos
633 2351 770 2379 vernos
794 2341 931 2379 calores
956 2349 1122 2389 apparet,
1149 2343 1309 2383 interdiu
1329 2344 1429 2385 humi
1452 2344 1660 2385 immobilis.

962 2407 994 2443 B
