2246 2941
543 303 646 340 0122
694 302 974 342 BVPRESTIS
1022 305 1300 345 RVTILANS.
1639 325 1683 361 71

161 399 258 436 strias
293 395 437 433 alternis
469 397 687 440 conveniat3
719 402 762 433 ut
797 402 835 433 et
862 395 1028 434 scabritie
1060 409 1175 437 aeneo
1198 421 1212 428 -
1235 409 1388 447 cuprea,
1413 408 1450 439 et
1475 401 1606 443 duritie
1628 409 1685 441 to-

160 460 231 496 tius
258 457 436 504 corporis.

311 541 482 578 Antennae
512 542 620 587 paulo
652 541 860 588 longiores,
895 541 1076 588 magisque
1110 541 1276 580 ferratae.
1349 546 1481 592 clypeus
1514 549 1685 585 lateribus

157 613 281 651 parum
315 602 468 649 gibbus,
499 602 641 647 scaber,
675 601 718 637 ad
751 600 929 646 posticum
956 604 1151 650 marginem
1178 604 1371 649 inaequalis
1387 631 1400 650 ,
1434 607 1529 653 rugis
1554 610 1684 653 nullis,

158 662 218 699 sed
240 662 322 698 stria
346 662 556 708 plerumque
581 663 689 700 unica
712 662 848 708 polita,
877 673 943 709 per
969 663 1127 698 medium
1157 664 1421 710 longitudinali.
1473 668 1593 713 Elytra
1614 668 1684 703 bafi

157 723 438 760 convexiuscula
454 748 466 767 ‚
495 721 781 768 subacuminata,
810 721 870 758 sed
893 723 1010 759 multo
1035 723 1210 765 breviore
1236 725 1401 762 acumine
1417 752 1431 772 ,
1456 738 1561 773 quam
1583 737 1685 774 prae-

155 785 346 829 cedentis,
382 790 419 818 et
451 788 557 817 acute
585 782 806 827 praemorso,

302 854 539 894 Differentias
566 854 705 891 formae
728 854 879 892 docebit
903 854 1025 901 Figura
1050 865 1106 892 11.
1127 855 1362 901 praecedenti
1384 857 1530 896 collata.

410 981 453 1024 D
494 994 552 1025 12.
626 975 1074 1029 BVPRESTIS
1141 994 1433 1032 Rv'rlLAns3

731 1083 733 1086 ⁴
754 1070 784 1102 T
780 1068 828 1101 ab.
851 1069 896 1102 D.
944 1070 1012 1111 Fig.
1032 1081 1082 1104 12.

307 1146 527 1199 Depressa,
564 1160 720 1200 cyaneo
757 1173 774 1182 -
808 1147 1056 1198 viridiffima,
1099 1148 1287 1190 lateribus
1324 1160 1464 1200 aurea,
1506 1148 1681 1201 splendi-

150 1216 220 1268 da,
257 1218 429 1260 thoracis
467 1220 765 1270 elytrorurnque
802 1217 958 1271 punctis
993 1219 1106 1271 nigro
1142 1244 1158 1251 -
1195 1221 1330 1260 aeneis
1366 1220 1522 1272 glabris.

246 1297 383 1340 Cucujus
411 1303 536 1333 auratus
563 1299 686 1332 striatas
717 1308 910 1332 ozon-n.
939 1299 1039 1342 paris.
1057 1300 1085 1335 Ι.
1106 1299 1322 1344 p.126.sp.3.
1347 1299 1454 1334 tab.2.
1474 1299 1537 1342 fig.
1552 1306 1584 1332 2.
1611 1298 1681 1338 (ex-

294 1350 384 1382 clufis
411 1350 626 1393 synonymis).

239 1412 394 1453 Buprestis
417 1413 548 1445 rutilans
568 1420 750 1443 FAmuc.
770 1411 904 1454 mantiffi
928 1419 1042 1452 p.235.

296 1482 338 1518 In
371 1482 520 1517 arbustis
554 1481 650 1516 circa
677 1480 824 1525 Choper
852 1486 890 1515 et
916 1479 1057 1520 Tanain
1090 1480 1181 1516 fluv.
1215 1480 1322 1518 Iunio
1348 1481 1411 1519 sub
1427 1480 1678 1530 [ardentissimo

144 1543 221 1582 sole
242 1543 435 1590 frequens5
463 1542 547 1579 alias
572 1551 650 1580 non
676 1540 803 1578 obvia.

722 1645 1093 1685 DESCRIPTIO.

296 1721 540 1759 Pulcherrima
567 1728 606 1758 et
632 1720 900 1768 splendidissima
926 1721 1023 1757 inter
1053 1729 1253 1765 europaeas
1280 1728 1420 1756 omnes.
1472 1717 1676 1766 Magnitudi-

139 1792 179 1818 ηε
204 1781 296 1817 infra
318 1782 426 1828 Bupr.
453 1783 629 1819 rusticam.
698 1783 850 1830 Desuper
882 1781 1057 1827 inspecta,
1091 1781 1213 1816 medio
1244 1781 1554 1828 longitudinaliter
1587 1782 1676 1816 viri-

137 1841 274 1878 dissimo
294 1863 307 1870 ·
327 1844 487 1888 sericea,
513 1844 685 1887 lateribus
707 1854 818 1880 aureo
842 1864 853 1870 -
876 1843 1049 1885 rutilan53
1090 1853 1128 1877 ex
1160 1844 1280 1888 obliquo
1314 1840 1389 1877 visa
1414 1842 1534 1877 medio
1562 1842 1675 1888 splen·

137 1904 222 1938 dide
246 1915 406 1951 cyanea,
433 1906 605 1941 lateribus
634 1905 747 1941 diluoe
775 1904 884 1940 viridi
901 1925 914 1931 -
933 1914 1053 1941 aurea.
1103 1905 1221 1940 Suhtus
1245 1903 1471 1950 pedibusque
1490 1910 1571 1939 tota
1593 1913 1674 1949 cya-

138 1974 213 2000 neo
239 1966 418 2011 viridique
447 1965 612 2002 variante
637 1964 914 2012 splendidiffima.

299 2054 429 2090 Thorax
463 2052 636 2099 punctam
660 2074 674 2081 -
697 2052 845 2097 scaber,
881 2050 1015 2087 lineola
1052 2051 1172 2087 media
1209 2056 1248 2086 et
1283 2048 1423 2096 punffis
1461 2049 1521 2086 sex
1559 2050 1669 2098 nigris

135 2110 281 2159 glabris.

289 2199 409 2247 Elytra
441 2199 588 2245 striata,
622 2199 834 2247 punfflsque
868 2198 1036 2246 impresfis
1075 2197 1314 2241 scaberrima‚
1349 2196 1490 2242 punffis
1527 2197 1596 2244 (ut
1633 2199 1668 2236 in

141 2260 443 2308 praecedentibus
466 2259 630 2308 duobus)
657 2261 763 2306 nigro
785 2281 798 2287 -
819 2261 939 2295 aeneis
964 2260 1093 2308 glabris
1112 2286 1122 2302 ‚
1150 2259 1246 2293 inter
1267 2258 1420 2293 alternas
1448 2259 1547 2294 strias
1580 2259 1671 2305 spar-

139 2321 201 2365 fis,
227 2321 469 2366 subquadratis
490 2329 636 2367 notata,
660 2322 761 2367 apice
786 2320 978 2367 serrulata,
1008 2319 1221 2367 praemorsa.
1265 2339 1315 2345 —
1358 2319 1554 2356 Caeterum
1578 2331 1670 2356 con-

139 2382 272 2420 sulatur
293 2382 415 2430 Figura
438 2394 493 2418 12.
523 2382 583 2418 sed
610 2385 714 2419 color
736 2382 889 2429 pictoria
915 2383 978 2418 vix
1002 2383 1072 2419 ulla
1090 2388 1170 2417 arte
1197 2380 1460 2427 exprimendus.
