2246 2941
491 255 536 292 82
936 245 966 283 E
993 248 1056 288 8.*
1092 247 1267 281 MELOE
1317 245 1580 281 FLORALIS.

644 352 678 377 a.
707 342 821 378 Variat
853 338 944 375 haec
978 337 1161 374 interdum
1192 334 1298 372 fascia
1329 336 1453 382 priore
1481 333 1706 382 angustiore,
1736 335 1799 370 vel
1821 334 2024 381 interrupta

494 410 532 440 et
562 404 598 440 in
630 404 784 439 maculas
811 400 921 448 magis
945 400 1116 436 minusve
1141 397 1360 444 coaraatas,
1391 405 1465 434 tres
1492 398 1554 433 vel
1579 403 1757 443 quatuor,
1787 395 1928 432 diss'efita
1944 423 1956 443 ,
1981 404 2025 433 ut

495 475 699 502 FVESLIN
727 467 750 502 l.
774 476 801 501 c.
827 463 1002 509 Fig.1.a.
1029 461 1151 496 habet.

645 555 681 593 β.
711 554 824 600 Major
861 551 1018 588 varietas
1048 549 1163 585 rarius
1198 548 1235 585 in
1267 547 1419 584 maxime
1452 546 1660 583 australibus
1697 547 1741 583 ad
1773 547 1906 583 laicum
1937 546 2028 583 ietta

493 618 587 662 fuit,
621 617 746 662 elytris
769 613 924 661 gryseis.‚
957 611 1213 655 immaculatis,
1242 611 1301 646 vel
1326 617 1466 645 tantum
1490 610 1592 655 apice
1615 606 1726 655 nigris
1755 606 1848 656 (Fzg.
1872 620 1927 653 14.
1948 609 2025 654 ca),

493 680 555 714 vel
584 675 726 722 insuper
760 675 865 711 fascia
894 674 1027 710 undata
1051 670 1256 717 posteriore
1281 671 1443 717 praedita
1473 672 1573 718 (Fig.
1598 681 1652 714 14.
1676 668 1751 716 b.);
1800 670 1838 706 in
1874 678 2026 714 utraque

493 739 589 775 adest
615 737 787 784 punc'tum
814 736 984 781 utrinque
1013 733 1156 770 axillare
1185 733 1332 769 unicum
1353 733 1506 780 nigrum.
1556 733 1661 769 Hanc
1688 732 1796 768 etiam
1821 739 2028 767 rvasmn

496 804 555 837 loc.
581 804 635 837 cit.
658 801 730 845 Fig.
755 811 783 835 1.
804 801 835 834 h.
865 795 1090 832 observavit.

638 897 671 928 γ.
696 884 813 920 Datur
837 882 931 929 apud
954 892 1022 917 nos
1050 880 1158 916 etiam
1185 882 1322 924 minuta,
1345 879 1519 923 varietas,
1544 890 1649 925 quam
1674 878 1872 916 delineavit
1899 888 2028 915 avas-

492 958 573 985 ΜΝ
599 950 622 983 l.
651 959 678 983 c.
706 947 776 994 Eg.
801 957 832 983 1.
851 959 877 982 c.
911 944 956 980 ad
980 944 1070 980 Irtin
1099 950 1137 979 et
1164 941 1322 988 Volgam
1347 938 1558 986 praesertim
1588 940 1835 977 observabilis.

632 1033 694 1071 An
716 1031 891 1079 Mylabris
911 1031 1139 1068 trimaculata
1164 1040 1319 1066 FABRIC.
1343 1034 1407 1065 ent.
1425 1029 1557 1075 p.261.
1583 1013 1689 1075 huju&
1712 1029 1812 1066 forte
1836 1039 1914 1068 var.
1929 1028 2031 1072 οι-βὲ

832 1157 980 1205 E8.*
1053 1151 1347 1203 MELOE
1418 1168 1696 1206 FLORAL183

1110 1246 1181 1279 Tab.
1195 1246 1234 1278 H.
1257 1247 1326 1288 Fig.
1346 1246 1381 1280 E.
1396 1253 1430 1285 8.

651 1328 790 1377 Alata,
826 1326 1063 1380 pubescenti
1087 1352 1100 1358 -
1127 1335 1228 1376 atra,
1266 1327 1402 1378 elytris
1439 1327 1593 1367 macula
1629 1325 1769 1368 baseos
1805 1327 2031 1380 apicisque,

489 1401 734 1445 intermediis
770 1397 896 1440 fasciis
933 1399 1035 1438 binis
1073 1397 1241 1447 pallidis.

590 1478 758 1512 Attelabus
780 1473 1009 1517 polymorphus
1035 1482 1160 1504 PALL.
1178 1473 1214 1506 it.
1237 1473 1264 1505 I.
1290 1481 1361 1512 app.
1382 1473 1496 1513 p.465.
1519 1481 1619 1513 n.44.
1638 1481 1671 1506 a.
1721 1479 1900 1506 ‹aona-za:
1922 1478 1983 1507 ent.
2001 1474 2028 1506 1.

638 1538 666 1569 p.
681 1535 755 1568 422.
778 1534 806 1555 n.
816 1533 846 1557 2.

589 1590 698 1623 clerus
725 1598 741 1619 s
753 1598 771 1619 c
781 1597 806 1617 u
817 1595 841 1616 A
850 1596 871 1617 E
881 1596 900 1617 F
909 1595 928 1616 F
937 1594 958 1615 E
968 1595 1000 1615 R.
1028 1581 1178 1616 ratisbon.
1200 1582 1263 1619 tab,
1280 1593 1342 1625 151.
1357 1583 1417 1627 fig.
1424 1593 1457 1622 3.

593 1651 612 1684 ἓ
637 1661 657 1683 ι·-
668 1659 743 1682 vas
754 1660 774 1681 L
785 1659 795 1679 1
806 1658 836 1681 n.
866 1646 971 1681 havet,
1005 1645 1076 1680 Tab.
1096 1646 1156 1689 fig.
1173 1657 1197 1679 1.
1215 1655 1240 1680 e.

646 1722 750 1758 Hanc
779 1721 816 1757 in
843 1718 1037 1755 Germania
1060 1729 1207 1763 quoque
1235 1716 1373 1764 passim,
1417 1717 1478 1754 sed
1511 1717 1626 1753 rarius
1661 1714 1924 1754 observabilem
1956 1718 2033 1765 spe·

495 1787 588 1824 ciem
607 1813 616 1828 ,
649 1781 798 1829 copiose
831 1783 931 1817 alunt
963 1780 1133 1826 regiones
1161 1778 1333 1814 herbidae
1360 1777 1587 1813 australiores
1621 1777 1665 1813 ad
1698 1777 1851 1814 mediam
1876 1780 2032 1826 Volgam

495 1856 533 1884 et
561 1847 656 1882 circa
681 1842 865 1879 Vralenfia
897 1841 1182 1886 promontoria,
1215 1840 1278 1875 ubi
1313 1840 1516 1884 promiscue
1553 1850 1634 1875 cum
1663 1839 1965 1877 antecedentibus
1991 1840 2030 1879 in

495 1907 649 1945 fioribus
676 1910 714 1940 et
739 1901 892 1949 plantis,
917 1898 1126 1946 praesertim
1148 1900 1379 1946 Dffldelphxs,
1411 1901 1574 1938 occurrit
1599 1901 1714 1946 Majo.

1070 2011 1432 2052 DESCRIPTIO.

649 2091 767 2128 Forma
795 2095 832 2125 et
856 2087 1073 2134 magnitudine
1096 2087 1211 2122 refert
1239 2088 1390 2124 omnino
1418 2089 1505 2126 Mel.
1527 2087 1754 2136 punaatam
1781 2088 1934 2125 thorace
1960 2098 2032 2125 ma·

497 2157 550 2204 gis
581 2153 693 2191 tereti
722 2163 825 2197 quam
850 2149 1016 2197 proxime
1043 2149 1315 2194 praecedentis:
1360 2149 1529 2195 Lanugme
1557 2160 1651 2184 vero
1683 2157 1764 2185 tota
1793 2149 1889 2185 fusca
1914 2152 2027 2196 pube-

495 2219 582 2260 scit,
610 2223 647 2251 et
673 2214 783 2261 pedes
806 2213 915 2259 paulo
942 2209 1194 2253 robustiores,
1223 2208 1390 2256 lanugine
1412 2212 1522 2257 magis
1550 2210 1707 2246 hirsutos
1736 2212 1856 2247 habet.
1906 2213 2029 2258 Elytra

494 2287 593 2322 atra,
626 2275 799 2313 nitidiora
831 2283 933 2318 quam
973 2272 1008 2306 in
1049 2271 1313 2318 praecedente,
1344 2283 1413 2308 nec
1441 2271 1685 2316 dehiscentia,
1722 2272 1789 2307 situ
1823 2278 1860 2308 et
1899 2274 2031 2310 colore

495 2338 627 2387 (magis
655 2333 806 2382 pallida)
834 2333 1022 2371 fasciarum
1049 2334 1201 2372 diversa.
1278 2334 1418 2371 Macula
1442 2333 1481 2371 in
1503 2333 1641 2381 singulo
1666 2335 1787 2380 elytro
1816 2335 2034 2375 orbicularis
