2246 2941
599 261 626 293 E
656 268 688 300 8,
739 259 915 293 Meton
956 260 1330 300 SPLENDIDVLA.
1692 274 1735 314 83

208 350 251 387 ad
277 350 397 393 basin,
433 356 470 386 et
504 350 706 387 transverse
737 350 852 386 ovalis
882 351 919 386 in
941 351 1062 396 apice3
1094 352 1217 399 fasciae
1245 353 1341 390 inter
1371 354 1433 391 has
1459 355 1735 402 aequidistantes

209 412 299 447 duae
325 412 546 457 undulatae‚
580 412 701 447 sutura
727 413 828 459 nigra
856 413 1105 457 interruptae,
1141 422 1340 460 contraque
1370 418 1506 453 laterali
1532 428 1597 453 ora
1625 418 1736 464 usque

209 473 251 509 ad
276 473 369 508 basm
395 473 523 518 pallida
547 484 747 509 connexae.
800 473 932 519 Neque
957 473 1058 508 sexus
1085 474 1270 511 diversitas
1299 478 1370 512 ulla
1394 477 1430 513 in
1461 477 1514 513 his
1540 487 1700 525 apparet.

359 562 395 599 β.
417 561 457 598 In
485 563 614 599 Sil->iria
635 567 794 607 varietas,
825 570 868 599 ut
893 561 1073 607 videtum}
1099 562 1204 608 hujus
1229 568 1372 610 minuta,
1398 565 1514 602 fasciis
1538 567 1641 603 flavis
1666 580 1738 605 ma-

210 622 371 667 culisque
403 624 593 660 latioribus
629 632 666 659 et
699 624 803 670 saepe
827 624 922 659 inter
948 623 983 658 se
1007 623 1108 659 varie
1136 624 1428 672 confluentibus,
1466 626 1575 671 apicis
1601 622 1740 665 macula

208 684 365 727 minuta,
391 684 636 732 magnitudine
661 684 754 720 infra
776 686 862 721 Mel.
891 684 1137 728 bivulneram‚
1172 684 1343 730 frequens
1380 688 1572 732 occurrit3
1608 696 1737 726 contra

210 743 307 779 abest
335 743 509 793 descripta
532 746 634 792 prior
652 773 664 790 ,
691 757 781 791 quae
806 745 1045 781 Germanicae
1065 744 1235 781 fimillima
1257 746 1318 782 est.

514 887 625 933 E8.
700 883 987 932 M'ELOE
1058 900 1441 938 sPLEND1DVLA3

821 975 895 1012 Tab.
920 977 960 1011 E.
1013 977 1081 1018 Fig.
1110 983 1142 1014 8.

350 1055 487 1104 Alata,
526 1055 757 1096 coerulante
795 1063 897 1106 atra,
942 1055 1193 1110 pubescens,
1240 1057 1374 1108 elytris
1409 1056 1521 1098 luteo
1556 1080 1574 1091 -
1608 1054 1743 1098 fascia-

209 1127 257 1167 tis
293 1127 590 1177 maculatisque.

363 1227 539 1273 Parvula,
584 1228 644 1265 sed
680 1230 822 1278 elegans
857 1228 994 1276 species
1029 1228 1068 1264 in
1102 1228 1313 1275 regionibus
1356 1228 1740 1273 transba'icalenfibus,

210 1288 421 1335 praesertim
451 1291 634 1337 Dauuria‚
672 1291 953 1338 frequentissime
988 1291 1025 1327 in
1061 1290 1193 1337 plantis
1223 1298 1261 1326 et
1287 1289 1463 1336 floribus,
1489 1301 1571 1326 cum
1597 1289 1648 1328 M.
1667 1288 1741 1336 spe-

210 1351 310 1388 ciosa
339 1351 512 1388 occurrit.

791 1459 1158 1498 DESCRIPTIO.

365 1548 530 1593 Minuta,
559 1547 691 1584 statura
708 1547 761 1584 M.
784 1547 1018 1592 bivulnerae,
1047 1553 1084 1582 et
1101 1544 1349 1592 magnitudine
1375 1544 1453 1579 fere
1486 1554 1599 1588 aeque
1627 1544 1741 1578 varla-

214 1612 291 1648 bili.
341 1610 532 1645 Variabilis
561 1609 668 1644 etiam
699 1609 901 1654 elytrorum
926 1607 1072 1654 pistura.
1131 1606 1266 1642 Totius
1292 1608 1377 1642 color
1405 1606 1617 1641 coerulante
1644 1612 1744 1648 ater,

217 1671 400 1715 sericeus,
429 1671 583 1714 nitidus,
620 1670 722 1706 tenui
750 1670 917 1716 lanugine
947 1670 1049 1717 nigra
1081 1668 1330 1703 obumbratus.
1391 1668 1512 1713 Elytra
1531 1667 1743 1712 plerumque

218 1737 290 1783 (ut
316 1733 352 1768 in
383 1733 503 1778 Figura
528 1738 560 1772 8.
590 1731 731 1776 nostra,
772 1742 863 1777 quae
887 1730 1053 1766 summam
1083 1727 1215 1775 speciei
1244 1727 1526 1774 magnitudinem
1556 1726 1744 1774 exprimit)

218 1798 396 1845 posterius
423 1796 536 1833 fasciis
562 1796 655 1832 binis
680 1797 785 1841 latis,
809 1796 912 1832 flavis
935 1796 1090 1842 signata,
1117 1803 1265 1838 quarum
1286 1792 1387 1838 prior
1409 1792 1453 1827 ad
1471 1792 1646 1839 margines
1669 1801 1745 1826 non

219 1860 413 1907 perdufta,
445 1858 645 1894 antrorsum
662 1884 674 1903 ‚
703 1859 814 1893 altera
837 1855 1035 1892 retrorsum
1065 1861 1209 1890 arcuata
1224 1881 1236 1900 ‚
1269 1854 1365 1889 unde
1390 1854 1464 1889 aliis
1485 1854 1651 1889 dilatatae
1674 1863 1747 1887 me-

163 1920 168 1928 *
222 1922 283 1957 dio
313 1921 407 1956 inter
435 1920 469 1954 se
495 1920 687 1955 confluunt
718 1920 754 1955 in
780 1928 897 1954 aream
922 1917 1078 1963 cpliippii
1104 1916 1234 1962 specie.
1296 1915 1335 1950 In
1367 1914 1579 1959 quibusdam
1607 1913 1748 1948 accedit

221 1982 358 2019 macula
383 1981 425 2016 ad
451 1980 572 2027 singuli
603 1981 709 2026 elytri
735 1980 830 2015 basin
855 1979 1079 2015 orbicularis.
1131 1977 1183 2012 At
1211 1977 1247 2011 in
1276 1985 1351 2010 non
1375 1975 1497 2019 paucis
1521 1974 1666 2009 flavedo
1697 1974 1748 2009 ita

224 2046 402 2089 diffluxit,
435 2052 477 2079 ut
501 2052 641 2080 tantum
665 2045 838 2090 supersint
866 2044 1025 2078 maculae
1051 2043 1252 2088 elytrorum
1277 2039 1424 2084 nigrae,
1459 2038 1646 2084 dispositae
1671 2040 1748 2073 fere

223 2115 266 2143 ut
292 2107 327 2142 in
355 2106 407 2140 M.
438 2106 594 2142 sericea:
634 2117 764 2152 nempe
793 2104 948 2141 dorsales
981 2116 1013 2139 2.
1042 2112 1274 2146 communes,
1309 2100 1479 2144 utrinque
1509 2111 1541 2135 2.
1565 2099 1750 2142 laterales,

225 2170 380 2214 majores
409 2176 446 2204 et
474 2179 563 2215 apex
593 2169 795 2213 elytrorum
821 2172 924 2203 totus
946 2166 1075 2213 niger,
1103 2175 1185 2200 cum
1216 2172 1281 2199 ora
1307 2159 1455 2198 laterali.

1028 2387 1106 2424 L2
